@MISC{SvetunkovSBA,
    title = {Statistics for Business Analytics},
    author = {Ivan Svetunkov},
    howpublished = {Lecture notes. OpenForecast},
    note = {(version: 23.04.2023)},
    url = {https://openforecast.org/sba/},
    year = {2022}
}
