@MISC{Hanck2024,
    title = {{Introduction to Econometrics with R}},
    author = {Christoph Hanck and Martin Arnold and Alexander Gerber and Martin Schmelzer},
    howpublished = {Bookdown},
    note = {(version: 2024-03-31)},
    url = {https://www.econometrics-with-r.org/index.html},
    year = {2022}
}
